<?xml version="1.0" encoding="UTF-8"?>
<collection xmlns:xsi="http://www.w3.org/2001/XMLSchema-instance" xsi:schemaLocation="http://www.loc.gov/MARC21/slim http://www.loc.gov/standards/marcxml/schema/MARC21slim.xsd" xmlns="http://www.loc.gov/MARC21/slim">
<record>
  <leader>01039cam a22002411  4500</leader>
  <controlfield tag="001">3063018</controlfield>
  <controlfield tag="003">NNC</controlfield>
  <controlfield tag="005">20130426014915.0</controlfield>
  <controlfield tag="008">010809m19061908ua            000 0 ara d</controlfield>
  <datafield tag="035" ind1=" " ind2=" ">
    <subfield code="a">(OCoLC)ocm47748477</subfield>
  </datafield>
  <datafield tag="035" ind1=" " ind2=" ">
    <subfield code="9">ATN4793CU</subfield>
  </datafield>
  <datafield tag="035" ind1=" " ind2=" ">
    <subfield code="a">(NNC)3063018</subfield>
  </datafield>
  <datafield tag="040" ind1=" " ind2=" ">
    <subfield code="a">ZCU</subfield>
    <subfield code="c">ZCU</subfield>
  </datafield>
  <datafield tag="099" ind1=" " ind2=" ">
    <subfield code="a">893.799</subfield>
    <subfield code="a">M97</subfield>
  </datafield>
  <datafield tag="100" ind1="1" ind2=" ">
    <subfield code="a">ʻĀmilī, Muḥammad Jawād ibn Muḥammad,</subfield>
    <subfield code="d">1747 or 1748-1811 or 1812.</subfield>
  </datafield>
  <datafield tag="240" ind1="1" ind2="0">
    <subfield code="a">Miftāḥ al-karāmah fī sharḥ Qawāʻid al-ʻallāmah</subfield>
  </datafield>
  <datafield tag="245" ind1="1" ind2="0">
    <subfield code="a">Kitāb Miftāḥ al-Karāmah fī sharḥ Qawāʻid al-ʻAllāmah,</subfield>
    <subfield code="c">taṣnīf Muḥammad al-Jawād ibn Muḥammad ibn Muḥammad al-Ḥusaynī al-ʻĀmilī al-mujāwir bi-al-Najaf.</subfield>
  </datafield>
  <datafield tag="260" ind1=" " ind2=" ">
    <subfield code="a">[Miṣr,</subfield>
    <subfield code="b">al-Maṭb. al-Riẓa-wīyah,</subfield>
    <subfield code="c">1324-26 h., 1906-08 m.]</subfield>
  </datafield>
  <datafield tag="300" ind1=" " ind2=" ">
    <subfield code="a">2 v.</subfield>
  </datafield>
  <datafield tag="600" ind1="1" ind2="0">
    <subfield code="a">Ibn al-Muṭahhar al-Ḥillī, al-Ḥasan ibn Yūsuf,</subfield>
    <subfield code="d">1250-1325.</subfield>
    <subfield code="t">Qawāʻid al-aḥkām fī maʻrifat al-ḥalāl wa-al-ḥarām.</subfield>
  </datafield>
  <datafield tag="650" ind1=" " ind2="0">
    <subfield code="a">Islamic law</subfield>
    <subfield code="x">Interpretation and construction.</subfield>
  </datafield>
  <datafield tag="650" ind1=" " ind2="0">
    <subfield code="a">Shiites.</subfield>
  </datafield>
  <datafield tag="955" ind1=" " ind2=" ">
    <subfield code="b">0056946520</subfield>
    <subfield code="d">glx</subfield>
    <subfield code="e">893.799 M97</subfield>
    <subfield code="v">v.1</subfield>
  </datafield>
</record>
</collection>